@article{Wu2022,
author = {Wu, Jonny and Lin, Yi-An and Flament, Nicolas and Wu, Jeremy Tsung-Jui and Liu, Yiduo},
doi = {10.1016/j.epsl.2022.117445},
issn = {0012821X},
journal = {Earth and Planetary Science Letters},
pages = {117445},
publisher = {Elsevier B.V.},
title = {{Northwest Pacific-Izanagi plate tectonics since Cretaceous times from western Pacific mantle structure}},
url = {https://linkinghub.elsevier.com/retrieve/pii/S0012821X22000814 https://doi.org/10.1016/j.epsl.2022.117445},
volume = {583},
year = {2022}
}

@book{geolmap2011m-47,
	address = {СПб},
	compiler = {Александровский, Ю. С. and Семенов, М. И. and Шаталина, Т. А. and Федоренко, О. Н. and и др.},
	editor = {Руденко, В. Е.},
	language = {russian},
	pages = {273},
	publisher = {Картографическая фабрика ВСЕГЕИ},
	title = {{Государственная геологическая карта Российской Федерации. Масштаб 1 : 1 000 000 (третье поколение). Серия Алтае-Саянская. Лист М-47 -- Кунгуртуг. Объяснительная записка.}},
	year = {2011}
}

@book{Shukolyukov1974,
	address = {М.},
	author = {Шуколюков, Ю. А. and Горохов, И. М. and Левченков, О. А.},
	language = {russian},
	pages = {207},
	publisher = {Недра},
	title = {{Графические методы изотопной геологии}},
	year = {1974}
}
@article{Roberts2020,
	author = {Roberts, N. M. W. and Drost, K. and Horstwood, M. S. A. and Condon, D. J. and Chew, D. M. and Drake, H. and Milodowski, A. E. and McLean, N. M. and Smye, A. J. and Walker, R. J. and Haslam, R. and Hodson, K. and Imber, J. and Beaudoin, N. and Lee, J. K.},
	doi = {10.5194/gchron-2-33-2020},
	issn = {2628-3719},
	journal = {Geochronology},
	number = {1},
	pages = {33--61},
	title = {{Laser ablation inductively coupled plasma mass spectrometry (LA-ICP-MS) U–Pb carbonate geochronology: strategies, progress, and limitations}},
	url = {https://gchron.copernicus.org/articles/2/33/2020/},
	volume = {2},
	year = {2020}
}

@inproceedings{korolyuk1960,
	address = {М.},
	author = {Королюк, И. К.},
	booktitle = {Междунар. геол. конгресс. XXI сессия. Докл. сов. геол. Пробл. 8. Стратиграфия позднего докембрия и кембрия.},
	language = {russian},
	publisher = {Изд-во АН СССР},
	title = {{Расчленение кембрия и докембрия Восточной Сибири по строматолитам.}},
	year = {1960}
}
